@inproceedings{Exstream_origin,
  title     = {{EXstream}: Explaining Anomalies in Event Stream Monitoring},
  author    = {Haopeng Zhang and Yanlei Diao and Alexandra Meliou},
  booktitle = {Proceedings of the 20th International Conference on Extending Database Technology (EDBT)},
  pages     = {156--167},
  year      = {2017},
  organization = {OpenProceedings},
  publisher = {OpenProceedings},
  address   = {Venice, Italy},
  doi       = {10.5441/002/edbt.2017.15},
  url       = {https://openproceedings.org/2017/conf/edbt/paper-16.pdf}
}


@article{Jacob2021Exathlon,
  author    = {Vincent Jacob and Fei Song and Arnaud Stiegler and Bijan Rad and Yanlei Diao and Nesime Tatbul},
  title     = {Exathlon: A Benchmark for Explainable Anomaly Detection over Time Series},
  journal   = {Proceedings of the VLDB Endowment},
  volume    = {14},
  number    = {11},
  pages     = {2613--2626},
  year      = {2021},
  doi       = {10.14778/3476249.3476307},
  url       = {https://doi.org/10.14778/3476249.3476307}
}


@misc{exathlon-private,
  author       = {Vincent Jacob},
  title        = {Exathlon Private Repository},
  year         = {2021},
  howpublished = {\url{https://github.com/exathlonbenchmark/exathlon-private}},
}

@misc{exathlon-explanation,
  author       = {Vincent Jacob},
  title        = {Exathlon Explanation Repository},
  year         = {2021},
  howpublished = {\url{https://github.com/exathlonbenchmark/exathlon-explanation}},
}


@bachelorsthesis{Remi_thesis,
  author       = {Remi Guillou},
  title        = {Improving Anomaly Explanation Methods on Time Series Data},
  school       = {École Polytechnique},
  year         = {2025},
  type         = {Bachelor Thesis},
  advisor      = {Yanlei Diao},
}

@bachelorsthesis{Mija_thesis,
  title     = {Algorithm Design for Explainable Anomaly Detection for Data Streams},
  author    = {Mija Pilkaite},
  school    = {École Polytechnique},
  year      = {2024},
  advisor   = {Yanlei Diao},
}

@techreport{martineau2024exstream,
  title     = {Advanced Algorithm Design for Explainable Anomaly Detection on Data Streams},
  author    = {Clément Martineau},
  institution = {Laboratoire d'Informatique de l'École Polytechnique (LIX), Team CEDAR (LIX - INRIA)},
  year      = {2024},
  type      = {Internship Report},
  month     = {July},
  advisor      = {Yanlei Diao},
}
